<record><leader>00000cas a22000007a 4500</leader><controlfield tag="001">13196270</controlfield><controlfield tag="008">860225d19131933wvuwr ne      0    0eng d</controlfield><datafield ind1=" " ind2=" " tag="010"><subfield code="a">sn 86092258 </subfield></datafield><datafield ind1=" " ind2=" " tag="040"><subfield code="a">WVC</subfield><subfield code="b">eng</subfield><subfield code="c">WVC</subfield><subfield code="d">OCL</subfield><subfield code="d">OCLCQ</subfield></datafield><datafield ind1=" " ind2=" " tag="042"><subfield code="a">msc</subfield></datafield><datafield ind1="0" ind2="4" tag="245"><subfield code="a">The Putnam leader.</subfield></datafield><datafield ind1=" " ind2=" " tag="260"><subfield code="a">Winfield, W. Va. :</subfield><subfield code="b">Putnam Leader, Inc.,</subfield><subfield code="c">1913-</subfield></datafield><datafield ind1=" " ind2=" " tag="300"><subfield code="a">v.</subfield></datafield><datafield ind1=" " ind2=" " tag="310"><subfield code="a">Weekly</subfield></datafield><datafield ind1="0" ind2=" " tag="362"><subfield code="a">Vol. 1, no. 1 (Oct. 30, 1913)-</subfield></datafield><datafield ind1="1" ind2=" " tag="362"><subfield code="a">Ceased in 1933.</subfield><subfield code="z">Cf. W. Va. Legislative Handbook, 1934.</subfield></datafield><datafield ind1=" " ind2=" " tag="500"><subfield code="a">"Republican."</subfield></datafield><datafield ind1=" " ind2=" " tag="752"><subfield code="a">United States</subfield><subfield code="b">West Virginia</subfield><subfield code="c">Putnam</subfield><subfield code="d">Winfield.</subfield></datafield><datafield ind1="0" ind2="1" tag="780"><subfield code="t">Putnam review</subfield><subfield code="w">(DLC)sn 86092257</subfield></datafield></record>